<?xml version="1.0" encoding="UTF-8"?><collection xmlns="http://www.loc.gov/MARC21/slim"><record><leader>00503nam--2200133-i-4500</leader><controlfield tag="001">000014379</controlfield><controlfield tag="002">20161230</controlfield><controlfield tag="005">20170207231932</controlfield><controlfield tag="008">060222s1000------------r-----000-0-eng-d</controlfield><datafield ind1=" " ind2=" " tag="245"><subfield code="a">Centrales en service. Programmes a realiser da ns le domaine des elements relatifs aux mesure s devant assurer la surete des centrales nucle aires japonaises. Traduit du japonais</subfield></datafield><datafield ind1=" " ind2=" " tag="260"><subfield code="a">/Tokyo</subfield><subfield code="b">The Kansai Electronic Power Co., Inc</subfield><subfield code="c">1980</subfield></datafield><datafield ind1=" " ind2=" " tag="300"><subfield code="a">106 p</subfield></datafield><datafield ind1=" " ind2=" " tag="852"><subfield code="a">621.039.58(520)</subfield></datafield><datafield ind1=" " ind2=" " tag="CAT"><subfield code="a">SYS</subfield><subfield code="c">20170207</subfield><subfield code="h">231932</subfield></datafield></record></collection>